956 1294
192 122 286 161 ²⁶⁸„
381 126 649 160 Pnoossmwm.

192 189 273 213 nititur
281 203 290 215 ‚
309 186 332 209 in
341 185 460 217 publicum
469 184 594 217 proferam.
631 180 717 218 Igitur',
736 185 752 212 fi
761 195 843 213 mone-

194 229 224 248 tae
235 224 325 253 absque
336 220 473 252 hujusmodi
488 222 553 245 notis
569 220 790 253 deprehendentur,
799 231 842 247 -ar-

194 260 331 291 gumentum
346 258 403 285 erit,
421 264 459 281 eas
474 257 503 281 ab
514 258 624 281 omnibus
636 259 782 290 antiquariis,
802 259 843 290 qui

194 294 243 319 illas
255 293 426 321 examinarunt,
445 292 586 324 antiquitatis
596 292 792 324 adprobationem
808 301 843 318 re-

194 329 275 355 tuliss'e.
302 328 399 353 Utinam
406 336 452 360 pro
461 328 595 360 reipublicae
608 329 711 353 literariae
721 330 789 354 bono
797 335 843 353 tam

161 366 163 368 ’
195 366 285 391 sincera
296 363 450 389 adcuratione
461 362 495 388 ilfi
503 363 595 388 fuiss'ent
602 364 684 388 strada
693 382 700 393 ,
713 365 843 393 Tristanus,

169 401 174 403 ⁴
196 400 322 429 Goltzius,
330 400 379 424 alii!
398 406 448 424 tum
457 401 519 423 enim
527 399 596 424 fidem
608 399 720 424 adhibere
726 400 844 432 possemus

190 438 271 462 smmis
276 436 304 460 ab
313 435 349 460 his
360 436 417 460 viris
431 435 566 467 descriptis,
585 437 625 467 qui
636 441 722 463 tamen,
730 442 783 460 cum
793 436 844 463 nul·
867 453 869 455 -

194 471 236 497 libi
247 471 361 496 haetenus
375 471 398 496 se
409 471 548 500 obtulerint,
567 472 647 496 merita
656 471 791 503 suspicionis
801 479 844 496 no-

195 513 220 532 ta
228 507 359 533 inuruntur.
419 506 420 509 ’
581 509 584 511 ’
743 508 745 510 ’

204 599 208 601 -
252 579 379 612 'Superest
396 585 424 604 ut
440 579 528 608 dicam,
547 587 661 612 quosnam
674 587 760 605 numos
772 579 847 611 publi-

196 617 219 640 ci
235 616 292 647 juris
308 617 408 644 faciam,
428 615 535 648 &quam
548 617 662 641 rationem
678 622 722 640 eos
736 622 750 639 e
765 615 846 639 rauseis

184 652 266 677 variis
282 650 394 682 ieiigendi
409 654 532 676 tenuerim.
567 651 674 683 Inprimis
691 657 735 675 eos
751 650 847 675 exhibe-

196 688 246 715 bo,
265 687 305 717 qui
323 687 352 710 ab
364 684 411 710 aliis
422 685 537 710 haestenus
546 694 597 711 non
608 686 665 710 editi
675 693 753 717 neque
773 687 797 710 in
815 687 847 710 in-

198 722 252 746 dice
262 722 356 745 comitis
366 720 533 750 Mediobarbi,
552 720 632 752 neque
639 721 662 746 in
670 723 746 746 numis
756 721 848 746 familia·
859 718 861 720 ’

196 765 266 786 rum,
285 756 450 785 coloniarum,
477 757 570 781 urbium
586 756 671 782 Graece
687 758 848 789 loquentium,

197 794 221 818 in
230 792 326 817 historia
335 792 519 817 Ptolemaeorum
526 809 535 821 ‚
555 798 595 817 aut
606 793 778 818 Seleucidarum
788 791 848 815 Vail-

195 829 263 854 1antii
274 829 444 857 continentum
461 827 487 851 hi
496 828 557 851 enim
564 830 663 852 maxime
671 828 804 859 generales,
823 826 849 851 ὅτ

197 863 311 894 completi
322 863 422 886 indice&
441 884 443 887 .
455 862 552 887 Nurnos
562 862 609 887 hos
624 864 661 886 aeri
673 862 758 887 incisos
766 862 850 887 descri-

197 900 233 924 bo
239 898 323 926 fufiusss
330 897 346 922 fi
355 897 442 928 aliquid
450 899 677 923 commemoratione
687 899 781 929 dignum
789 898 850 929 obji-

200 935 281 962 ciunt,
300 933 366 957 secus
376 934 398 957 in
410 933 500 957 indicio
511 933 565 957 ffilo
572 933 697 965 adquiesco
710 934 798 958 servata
807 934 848 959 sub

197 969 380 1001 imperatoribus
392 969 450 993 serie
459 968 645 1001 chronologica,
663 974 690 994 ut
702 977 748 1001 pro
759 970 851 1001 supple-

200 1005 282 1030 inento
298 1004 397 1029 laudatis
413 1004 530 1029 indicibus
543 1006 630 1030 servire
643 1004 748 1037 poffim,
765 1005 782 1029 ss
797 1005 849 1029 fors

200 1040 295 1073 praelum
305 1040 409 1065 subirent
418 1041 511 1067 iterum.
536 1040 633 1067 Deinde
642 1042 782 1068 numismata,
791 1048 851 1072 quo-

203 1078 206 1082 ⁴
462 1076 465 1078 ’
569 1077 592 1089 ”
608 1086 612 1088 ’
765 1081 822 1101 rum*
