<?xml version="1.0" encoding="UTF-8"?>
<!DOCTYPE html PUBLIC "-//W3C//DTD XHTML 1.0 Transitional//EN"
    "http://www.w3.org/TR/xhtml1/DTD/xhtml1-transitional.dtd">
<html xmlns="http://www.w3.org/1999/xhtml" xml:lang="en" lang="en">
 <head>
  <title>
</title>
<meta http-equiv="Content-Type" content="text/html;charset=utf-8" />
  <meta name='ocr-system' content='tesseract 3.04.00' />
  <meta name='ocr-capabilities' content='ocr_page ocr_carea ocr_par ocr_line ocrx_word'/>
</head>
<body>
  <div class='ocr_page' id='page_1' title='image "./nicolaifrancisc00unkngoog_0099.png"; bbox 0 0 956 1294; ppageno 0'>
   <div class='ocr_carea' id='block_1_1' title="bbox 238 133 767 158">
    <p class='ocr_par' dir='ltr' id='par_1_1' title="bbox 238 133 767 158">
     <span class='ocr_line' id='line_1_1' title="bbox 238 133 767 158; baseline -0.004 -2"><span class='ocrx_word' id='word_1_1' title='bbox 238 138 265 158; x_wconf 76' lang='lat'>86</span> <span class='ocrx_word' id='word_1_2' title='bbox 352 135 388 154; x_wconf 86' lang='lat' dir='ltr'>DE</span> <span class='ocrx_word' id='word_1_3' title='bbox 402 133 540 153; x_wconf 81' lang='lat' dir='ltr'>ANTIOCHO</span> <span class='ocrx_word' id='word_1_4' title='bbox 553 134 587 154; x_wconf 89' lang='lat' dir='ltr'>VI.</span> <span class='ocrx_word' id='word_1_5' title='bbox 600 134 671 154; x_wconf 83' lang='lat' dir='ltr'>REGE</span> <span class='ocrx_word' id='word_1_6' title='bbox 681 134 767 154; x_wconf 78' lang='lat' dir='ltr'>SYR1AE.</span> 
     </span>
    </p>
   </div>
   <div class='ocr_carea' id='block_1_2' title="bbox 206 182 885 625">
    <p class='ocr_par' dir='ltr' id='par_1_2' title="bbox 291 182 884 209">
     <span class='ocr_line' id='line_1_2' title="bbox 291 182 884 209; baseline 0.002 -7"><span class='ocrx_word' id='word_1_7' title='bbox 291 182 400 203; x_wconf 84' lang='lat' dir='ltr'>sacrarum</span> <span class='ocrx_word' id='word_1_8' title='bbox 396 188 488 208; x_wconf 69' lang='lat' dir='ltr'>imprimis</span> <span class='ocrx_word' id='word_1_9' title='bbox 497 183 593 203; x_wconf 83' lang='lat' dir='ltr'>literarum</span> <span class='ocrx_word' id='word_1_10' title='bbox 604 182 692 203; x_wconf 79' lang='lat' dir='ltr'>codicem</span> <span class='ocrx_word' id='word_1_11' title='bbox 703 187 826 209; x_wconf 77' lang='lat' dir='ltr'>nequaquam</span> <span class='ocrx_word' id='word_1_12' title='bbox 836 187 884 203; x_wconf 79' lang='lat' dir='ltr'>em-</span> 
     </span>
    </p>

    <p class='ocr_par' dir='ltr' id='par_1_3' title="bbox 218 212 885 507">
     <span class='ocr_line' id='line_1_3' title="bbox 234 212 884 238; baseline 0 -6"><span class='ocrx_word' id='word_1_13' title='bbox 234 218 267 237; x_wconf 86' lang='lat' dir='ltr'>re,</span> <span class='ocrx_word' id='word_1_14' title='bbox 287 218 332 232; x_wconf 91' lang='lat' dir='ltr'>cum</span> <span class='ocrx_word' id='word_1_15' title='bbox 341 212 465 233; x_wconf 77' lang='lat' dir='ltr'>Demetrium</span> <span class='ocrx_word' id='word_1_16' title='bbox 475 213 513 238; x_wconf 86' lang='lat' dir='ltr'>jam</span> <span class='ocrx_word' id='word_1_17' title='bbox 522 218 573 233; x_wconf 76' lang='lat' dir='ltr'>anno</span> <span class='ocrx_word' id='word_1_18' title='bbox 589 218 636 237; x_wconf 87' lang='lat'>172.</span> <span class='ocrx_word' id='word_1_19' title='bbox 649 213 675 232; x_wconf 83' lang='lat' dir='ltr'>ab</span> <span class='ocrx_word' id='word_1_20' title='bbox 684 212 754 233; x_wconf 75' lang='lat' dir='ltr'>Arsace</span> <span class='ocrx_word' id='word_1_21' title='bbox 770 212 884 233; x_wconf 73' lang='lat' dir='ltr'>Parthorum</span> 
     </span>
     <span class='ocr_line' id='line_1_4' title="bbox 235 241 884 276; baseline 0.002 -15"><span class='ocrx_word' id='word_1_22' title='bbox 235 247 282 267; x_wconf 84' lang='lat' dir='ltr'>rege</span> <span class='ocrx_word' id='word_1_23' title='bbox 292 247 370 267; x_wconf 77' lang='lat' dir='ltr'>caprum</span> <span class='ocrx_word' id='word_1_24' title='bbox 379 241 458 267; x_wconf 78' lang='lat' dir='ltr'>adserit,</span> <span class='ocrx_word' id='word_1_25' title='bbox 473 248 510 268; x_wconf 87' lang='lat' dir='ltr'>pro</span> <span class='ocrx_word' id='word_1_26' title='bbox 521 247 587 267; x_wconf 84' lang='lat' dir='ltr'>certo,</span> <span class='ocrx_word' id='word_1_27' title='bbox 602 247 624 262; x_wconf 87' lang='lat' dir='ltr'>ut</span> <span class='ocrx_word' id='word_1_28' title='bbox 632 241 742 267; x_wconf 81' lang='lat' dir='ltr'><strong>condecet,</strong></span> <span class='ocrx_word' id='word_1_29' title='bbox 757 242 833 262; x_wconf 79' lang='lat' dir='ltr'>habeo·</span> <span class='ocrx_word' id='word_1_30' title='bbox 848 242 884 276; x_wconf 80' lang='lat' dir='ltr'>pri-</span> 
     </span>
     <span class='ocr_line' id='line_1_5' title="bbox 235 271 885 298; baseline 0.002 -7"><span class='ocrx_word' id='word_1_31' title='bbox 235 277 290 292; x_wconf 88' lang='lat' dir='ltr'>mum</span> <span class='ocrx_word' id='word_1_32' title='bbox 300 271 372 292; x_wconf 86' lang='lat' dir='ltr'>deinde</span> <span class='ocrx_word' id='word_1_33' title='bbox 377 271 472 292; x_wconf 75' lang='lat' dir='ltr'>Demetrii</span> <span class='ocrx_word' id='word_1_34' title='bbox 482 278 563 292; x_wconf 88' lang='lat' dir='ltr'>numum</span> <span class='ocrx_word' id='word_1_35' title='bbox 571 278 622 292; x_wconf 82' lang='lat' dir='ltr'>anuo</span> <span class='ocrx_word' id='word_1_36' title='bbox 635 278 696 297; x_wconf 70' lang='lat'><strong>174„</strong></span> <span class='ocrx_word' id='word_1_37' title='bbox 710 272 832 298; x_wconf 82' lang='lat' dir='ltr'>alterumque</span> <span class='ocrx_word' id='word_1_38' title='bbox 838 272 885 298; x_wconf 54' lang='lat' dir='ltr'>ejus*</span> 
     </span>
     <span class='ocr_line' id='line_1_6' title="bbox 236 300 884 328; baseline 0.002 -7"><span class='ocrx_word' id='word_1_39' title='bbox 236 300 281 321; x_wconf 85' lang='lat' dir='ltr'>dem</span> <span class='ocrx_word' id='word_1_40' title='bbox 292 307 344 322; x_wconf 77' lang='lat' dir='ltr'>anno</span> <span class='ocrx_word' id='word_1_41' title='bbox 358 304 404 324; x_wconf 82' lang='lat'>180.</span> <span class='ocrx_word' id='word_1_42' title='bbox 415 302 439 322; x_wconf 83' lang='lat' dir='ltr'>ab</span> <span class='ocrx_word' id='word_1_43' title='bbox 447 301 548 322; x_wconf 81' lang='lat' dir='ltr'>Antiocho</span> <span class='ocrx_word' id='word_1_44' title='bbox 561 301 662 328; x_wconf 82' lang='lat' dir='ltr'>Evergete</span> <span class='ocrx_word' id='word_1_45' title='bbox 671 307 708 327; x_wconf 87' lang='lat' dir='ltr'>pro</span> <span class='ocrx_word' id='word_1_46' title='bbox 716 300 774 322; x_wconf 83' lang='lat' dir='ltr'>fratre</span> <span class='ocrx_word' id='word_1_47' title='bbox 786 301 839 328; x_wconf 79' lang='lat' dir='ltr'>apud</span> <span class='ocrx_word' id='word_1_48' title='bbox 844 302 884 322; x_wconf 84' lang='lat' dir='ltr'>Par-</span> 
     </span>
     <span class='ocr_line' id='line_1_7' title="bbox 235 330 885 357; baseline 0.002 -6"><span class='ocrx_word' id='word_1_49' title='bbox 235 331 281 351; x_wconf 81' lang='lat' dir='ltr'>thos</span> <span class='ocrx_word' id='word_1_50' title='bbox 289 331 369 357; x_wconf 70' lang='lat' dir='ltr'>captivo</span> <span class='ocrx_word' id='word_1_51' title='bbox 378 331 433 352; x_wconf 80' lang='lat' dir='ltr'>cusos</span> <span class='ocrx_word' id='word_1_52' title='bbox 440 330 495 352; x_wconf 78' lang='lat' dir='ltr'>fuiffe</span> <span class='ocrx_word' id='word_1_53' title='bbox 506 332 598 356; x_wconf 81' lang='lat' dir='ltr'>arbitror;</span> <span class='ocrx_word' id='word_1_54' title='bbox 614 330 628 351; x_wconf 81' lang='lat' dir='ltr'>fi</span> <span class='ocrx_word' id='word_1_55' title='bbox 640 331 691 351; x_wconf 85' lang='lat' dir='ltr'>enim</span> <span class='ocrx_word' id='word_1_56' title='bbox 703 336 735 352; x_wconf 88' lang='lat' dir='ltr'>tot</span> <span class='ocrx_word' id='word_1_57' title='bbox 749 332 802 352; x_wconf 80' lang='lat' dir='ltr'>annis</span> <span class='ocrx_word' id='word_1_58' title='bbox 818 331 832 351; x_wconf 86' lang='grc' dir='ltr'>Γ</span> <span class='ocrx_word' id='word_1_59' title='bbox 834 332 885 356; x_wconf 88' lang='lat' dir='ltr'>mul</span> 
     </span>
     <span class='ocr_line' id='line_1_8' title="bbox 235 360 884 388; baseline 0.002 -7"><span class='ocrx_word' id='word_1_60' title='bbox 235 365 258 381; x_wconf 84' lang='lat' dir='ltr'>ut</span> <span class='ocrx_word' id='word_1_61' title='bbox 267 361 363 386; x_wconf 78' lang='lat' dir='ltr'>dixeram,</span> <span class='ocrx_word' id='word_1_62' title='bbox 379 361 504 388; x_wconf 78' lang='lat' dir='ltr'>imperarunt,</span> <span class='ocrx_word' id='word_1_63' title='bbox 509 362 615 382; x_wconf 82' lang='lat' dir='ltr'>Demetrio</span> <span class='ocrx_word' id='word_1_64' title='bbox 622 361 642 382; x_wconf 76' lang='grc' dir='ltr'>δι</span> <span class='ocrx_word' id='word_1_65' title='bbox 653 360 741 381; x_wconf 79' lang='lat' dir='ltr'>absenti&#39;</span> <span class='ocrx_word' id='word_1_66' title='bbox 736 361 793 387; x_wconf 56' lang='lat' dir='ltr'>lucin</span> <span class='ocrx_word' id='word_1_67' title='bbox 805 367 884 388; x_wconf 87' lang='lat' dir='ltr'>regnum</span> 
     </span>
     <span class='ocr_line' id='line_1_9' title="bbox 234 376 884 418; baseline 0.003 -8"><span class='ocrx_word' id='word_1_68' title='bbox 234 389 292 411; x_wconf 80' lang='lat' dir='ltr'>fuiss&#39;e</span> <span class='ocrx_word' id='word_1_69' title='bbox 303 391 345 417; x_wconf 86' lang='lat' dir='ltr'>quis</span> <span class='ocrx_word' id='word_1_70' title='bbox 356 376 472 418; x_wconf 75' lang='lat' dir='ltr'>negaverit?</span> <span class='ocrx_word' id='word_1_71' title='bbox 488 391 561 412; x_wconf 81' lang='lat' dir='ltr'>Crescit</span> <span class='ocrx_word' id='word_1_72' title='bbox 572 391 682 418; x_wconf 76' lang='lat' dir='ltr'>argumenti</span> <span class='ocrx_word' id='word_1_73' title='bbox 693 391 727 411; x_wconf 82' lang='lat' dir='ltr'>vis</span> <span class='ocrx_word' id='word_1_74' title='bbox 735 397 761 411; x_wconf 84' lang='lat' dir='ltr'>ex</span> <span class='ocrx_word' id='word_1_75' title='bbox 772 390 839 412; x_wconf 84' lang='lat' dir='ltr'>indole</span> <span class='ocrx_word' id='word_1_76' title='bbox 847 391 884 413; x_wconf 81' lang='lat' dir='ltr'>An-</span> 
     </span>
     <span class='ocr_line' id='line_1_10' title="bbox 234 420 883 447; baseline 0.002 -7"><span class='ocrx_word' id='word_1_77' title='bbox 234 420 312 446; x_wconf 81' lang='lat' dir='ltr'>tiochi,</span> <span class='ocrx_word' id='word_1_78' title='bbox 327 427 386 447; x_wconf 81' lang='lat' dir='ltr'>quarn</span> <span class='ocrx_word' id='word_1_79' title='bbox 400 421 419 441; x_wconf 93' lang='lat' dir='ltr'>in</span> <span class='ocrx_word' id='word_1_80' title='bbox 432 420 498 441; x_wconf 82' lang='lat' dir='ltr'>hostes</span> <span class='ocrx_word' id='word_1_81' title='bbox 513 422 569 441; x_wconf 80' lang='lat' dir='ltr'>etiam</span> <span class='ocrx_word' id='word_1_82' title='bbox 584 421 687 447; x_wconf 83' lang='lat' dir='ltr'>benignam</span> <span class='ocrx_word' id='word_1_83' title='bbox 705 420 821 447; x_wconf 80' lang='lat' dir='ltr'>depraedicat</span> <span class='ocrx_word' id='word_1_84' title='bbox 833 420 883 447; x_wconf 71' lang='lat' dir='ltr'>lose«</span> 
     </span>
     <span class='ocr_line' id='line_1_11' title="bbox 235 449 885 484; baseline 0.002 -14"><span class='ocrx_word' id='word_1_85' title='bbox 235 450 298 477; x_wconf 81' lang='lat' dir='ltr'>phus;</span> <span class='ocrx_word' id='word_1_86' title='bbox 312 456 336 470; x_wconf 76' lang='lat' dir='ltr'>an</span> <span class='ocrx_word' id='word_1_87' title='bbox 345 451 399 470; x_wconf 86' lang='lat' dir='ltr'>hunc</span> <span class='ocrx_word' id='word_1_88' title='bbox 407 450 514 484; x_wconf 79' lang='lat' dir='ltr'>principem</span> <span class='ocrx_word' id='word_1_89' title='bbox 522 450 571 471; x_wconf 84' lang='lat' dir='ltr'>adeo</span> <span class='ocrx_word' id='word_1_90' title='bbox 581 451 656 477; x_wconf 80' lang='lat' dir='ltr'>ingrato</span> <span class='ocrx_word' id='word_1_91' title='bbox 666 450 686 470; x_wconf 93' lang='lat' dir='ltr'>in</span> <span class='ocrx_word' id='word_1_92' title='bbox 694 449 772 471; x_wconf 81' lang='lat' dir='ltr'>fratrem</span> <span class='ocrx_word' id='word_1_93' title='bbox 783 451 842 471; x_wconf 88' lang='lat' dir='ltr'>nobis</span> <span class='ocrx_word' id='word_1_94' title='bbox 852 450 885 472; x_wconf 87' lang='lat' dir='ltr'>fin-</span> 
     </span>
     <span class='ocr_line' id='line_1_12' title="bbox 218 479 884 507; baseline 0 -7"><span class='ocrx_word' id='word_1_95' title='bbox 218 479 222 483; x_wconf 91' lang='grc'><strong>“</strong></span> <span class='ocrx_word' id='word_1_96' title='bbox 234 486 303 507; x_wconf 82' lang='lat' dir='ltr'>gemus</span> <span class='ocrx_word' id='word_1_97' title='bbox 313 480 390 504; x_wconf 81' lang='lat' dir='ltr'>animo,</span> <span class='ocrx_word' id='word_1_98' title='bbox 405 484 427 500; x_wconf 85' lang='lat' dir='ltr'>ut</span> <span class='ocrx_word' id='word_1_99' title='bbox 438 480 480 506; x_wconf 81' lang='lat' dir='ltr'>ejus</span> <span class='ocrx_word' id='word_1_100' title='bbox 489 481 547 501; x_wconf 82' lang='lat' dir='ltr'>ruinis</span> <span class='ocrx_word' id='word_1_101' title='bbox 555 480 654 501; x_wconf 80' lang='lat' dir='ltr'>fortunam</span> <span class='ocrx_word' id='word_1_102' title='bbox 664 479 715 500; x_wconf 85' lang='lat' dir='ltr'>suam</span> <span class='ocrx_word' id='word_1_103' title='bbox 727 480 884 507; x_wconf 71' lang='lat' dir='ltr'>superstrueret?</span> 
     </span>
    </p>

    <p class='ocr_par' dir='ltr' id='par_1_4' title="bbox 236 509 883 536">
     <span class='ocr_line' id='line_1_13' title="bbox 236 509 883 536; baseline 0.003 -7"><span class='ocrx_word' id='word_1_104' title='bbox 236 510 291 536; x_wconf 78' lang='lat' dir='ltr'>Quin</span> <span class='ocrx_word' id='word_1_105' title='bbox 301 514 365 530; x_wconf 80' lang='lat' dir='ltr'>certus</span> <span class='ocrx_word' id='word_1_106' title='bbox 373 515 438 536; x_wconf 79' lang='lat' dir='ltr'>prope</span> <span class='ocrx_word' id='word_1_107' title='bbox 448 510 488 530; x_wconf 87' lang='lat' dir='ltr'>sum</span> <span class='ocrx_word' id='word_1_108' title='bbox 495 525 502 535; x_wconf 87' lang='lat'><strong>‚</strong></span> <span class='ocrx_word' id='word_1_109' title='bbox 516 515 616 531; x_wconf 81' lang='lat' dir='ltr'>monetam</span> <span class='ocrx_word' id='word_1_110' title='bbox 626 509 724 531; x_wconf 83' lang='lat' dir='ltr'>Demetrii</span> <span class='ocrx_word' id='word_1_111' title='bbox 737 511 818 531; x_wconf 83' lang='lat' dir='ltr'>nornine</span> <span class='ocrx_word' id='word_1_112' title='bbox 831 510 883 531; x_wconf 83' lang='lat' dir='ltr'>feriri</span> 
     </span>
    </p>

    <p class='ocr_par' dir='ltr' id='par_1_5' title="bbox 233 538 885 567">
     <span class='ocr_line' id='line_1_14' title="bbox 233 538 885 567; baseline 0.003 -8"><span class='ocrx_word' id='word_1_113' title='bbox 233 539 300 566; x_wconf 76' lang='lat' dir='ltr'>juffam</span> <span class='ocrx_word' id='word_1_114' title='bbox 309 545 320 559; x_wconf 84' lang='lat' dir='ltr'>a</span> <span class='ocrx_word' id='word_1_115' title='bbox 328 538 401 565; x_wconf 78' lang='lat' dir='ltr'>fratre,</span> <span class='ocrx_word' id='word_1_116' title='bbox 416 545 454 565; x_wconf 84' lang='lat' dir='ltr'>qua</span> <span class='ocrx_word' id='word_1_117' title='bbox 466 545 512 561; x_wconf 87' lang='lat' dir='ltr'>eum</span> <span class='ocrx_word' id='word_1_118' title='bbox 525 540 543 561; x_wconf 75' lang='grc' dir='ltr'>ἀ</span> <span class='ocrx_word' id='word_1_119' title='bbox 552 541 607 567; x_wconf 85' lang='lat' dir='ltr'>regni</span> <span class='ocrx_word' id='word_1_120' title='bbox 616 540 711 566; x_wconf 72' lang='lat' dir='ltr'>collegam</span> <span class='ocrx_word' id='word_1_121' title='bbox 719 539 854 566; x_wconf 81' lang='lat' dir='ltr'>profiteretur,</span> <span class='ocrx_word' id='word_1_122' title='bbox 866 540 885 561; x_wconf 70' lang='grc' dir='ltr'>ἀ</span> 
     </span>
    </p>

    <p class='ocr_par' dir='ltr' id='par_1_6' title="bbox 206 569 884 625">
     <span class='ocr_line' id='line_1_15' title="bbox 233 569 884 597; baseline 0.003 -8"><span class='ocrx_word' id='word_1_123' title='bbox 233 569 330 595; x_wconf 83' lang='lat' dir='ltr'>studium,</span> <span class='ocrx_word' id='word_1_124' title='bbox 344 569 405 595; x_wconf 79' lang='lat' dir='ltr'>reipsa</span> <span class='ocrx_word' id='word_1_125' title='bbox 413 569 458 590; x_wconf 80' lang='lat' dir='ltr'>dein</span> <span class='ocrx_word' id='word_1_126' title='bbox 469 571 631 597; x_wconf 78' lang='lat' dir='ltr'>comprobatum,</span> <span class='ocrx_word' id='word_1_127' title='bbox 646 575 692 591; x_wconf 84' lang='lat' dir='ltr'>eum</span> <span class='ocrx_word' id='word_1_128' title='bbox 700 570 763 596; x_wconf 76' lang='lat' dir='ltr'>prima</span> <span class='ocrx_word' id='word_1_129' title='bbox 769 575 849 597; x_wconf 77' lang='lat' dir='ltr'>quaque</span> <span class='ocrx_word' id='word_1_130' title='bbox 853 576 884 592; x_wconf 85' lang='lat' dir='ltr'>oc-</span> 
     </span>
     <span class='ocr_line' id='line_1_16' title="bbox 206 598 608 625; baseline 0.005 -6"><span class='ocrx_word' id='word_1_131' title='bbox 206 616 208 618; x_wconf 72' lang='grc'><strong>,</strong></span> <span class='ocrx_word' id='word_1_132' title='bbox 235 598 314 620; x_wconf 82' lang='lat' dir='ltr'>cafione</span> <span class='ocrx_word' id='word_1_133' title='bbox 321 599 426 625; x_wconf 56' lang='lat' dir='ltr'>liberandi,</span> <span class='ocrx_word' id='word_1_134' title='bbox 441 600 608 621; x_wconf 77' lang='lat' dir='ltr'>commonstraret.</span> 
     </span>
    </p>
   </div>
   <div class='ocr_carea' id='block_1_3' title="bbox 205 638 886 817">
    <p class='ocr_par' dir='ltr' id='par_1_7' title="bbox 205 638 886 817">
     <span class='ocr_line' id='line_1_17' title="bbox 298 638 886 668; baseline 0 -8"><span class='ocrx_word' id='word_1_135' title='bbox 298 638 368 660; x_wconf 77' lang='lat' dir='ltr'>Meam</span> <span class='ocrx_word' id='word_1_136' title='bbox 380 639 431 660; x_wconf 79' lang='lat' dir='ltr'>hanc</span> <span class='ocrx_word' id='word_1_137' title='bbox 444 640 559 662; x_wconf 79' lang='lat' dir='ltr'>sententiam</span> <span class='ocrx_word' id='word_1_138' title='bbox 571 640 663 668; x_wconf 60' lang='lat' dir='ltr'>amplecti</span> <span class='ocrx_word' id='word_1_139' title='bbox 675 640 707 667; x_wconf 85' lang='lat' dir='ltr'>qui</span> <span class='ocrx_word' id='word_1_140' title='bbox 718 641 814 665; x_wconf 85' lang='lat' dir='ltr'>voluerit,</span> <span class='ocrx_word' id='word_1_141' title='bbox 826 639 886 660; x_wconf 82' lang='lat' dir='ltr'>histo-</span> 
     </span>
     <span class='ocr_line' id='line_1_18' title="bbox 234 670 884 697; baseline 0 -7"><span class='ocrx_word' id='word_1_142' title='bbox 234 670 281 690; x_wconf 89' lang='lat' dir='ltr'>riam</span> <span class='ocrx_word' id='word_1_143' title='bbox 292 675 336 690; x_wconf 84' lang='lat' dir='ltr'>cnm</span> <span class='ocrx_word' id='word_1_144' title='bbox 345 670 408 690; x_wconf 86' lang='lat' dir='ltr'>uumis</span> <span class='ocrx_word' id='word_1_145' title='bbox 416 671 470 691; x_wconf 83' lang='lat' dir='ltr'>nullo</span> <span class='ocrx_word' id='word_1_146' title='bbox 480 677 533 697; x_wconf 84' lang='lat' dir='ltr'>pene</span> <span class='ocrx_word' id='word_1_147' title='bbox 542 672 610 692; x_wconf 78' lang='lat' dir='ltr'>labore</span> <span class='ocrx_word' id='word_1_148' title='bbox 620 671 730 692; x_wconf 76' lang='lat' dir='ltr'>conciliabit</span> <span class='ocrx_word' id='word_1_149' title='bbox 742 677 749 695; x_wconf 71' lang='grc' dir='ltr'><strong><em>ς</em></strong></span> <span class='ocrx_word' id='word_1_150' title='bbox 769 675 837 691; x_wconf 78' lang='lat' dir='ltr'>contra</span> <span class='ocrx_word' id='word_1_151' title='bbox 852 670 884 696; x_wconf 87' lang='lat' dir='ltr'>qui</span> 
     </span>
     <span class='ocr_line' id='line_1_19' title="bbox 234 699 885 727; baseline 0 -8"><span class='ocrx_word' id='word_1_152' title='bbox 234 699 324 726; x_wconf 81' lang='lat' dir='ltr'>pertinax</span> <span class='ocrx_word' id='word_1_153' title='bbox 343 700 370 720; x_wconf 90' lang='lat' dir='ltr'>ob</span> <span class='ocrx_word' id='word_1_154' title='bbox 385 699 519 721; x_wconf 71' lang='lat' dir='ltr'>historicorum</span> <span class='ocrx_word' id='word_1_155' title='bbox 533 701 629 721; x_wconf 80' lang='lat' dir='ltr'>silentium</span> <span class='ocrx_word' id='word_1_156' title='bbox 639 701 740 727; x_wconf 83' lang='lat' dir='ltr'>negaverit</span> <span class='ocrx_word' id='word_1_157' title='bbox 748 699 817 720; x_wconf 79' lang='lat' dir='ltr'>fratres</span> <span class='ocrx_word' id='word_1_158' title='bbox 829 699 885 720; x_wconf 78' lang='lat' dir='ltr'>fimul</span> 
     </span>
     <span class='ocr_line' id='line_1_20' title="bbox 234 728 885 756; baseline 0 -6"><span class='ocrx_word' id='word_1_159' title='bbox 234 728 332 756; x_wconf 69' lang='lat' dir='ltr'>regnasse,</span> <span class='ocrx_word' id='word_1_160' title='bbox 348 729 436 756; x_wconf 66' lang='lat' dir='ltr'>stupidoz</span> <span class='ocrx_word' id='word_1_161' title='bbox 444 735 535 755; x_wconf 77' lang='lat' dir='ltr'>veteres,</span> <span class='ocrx_word' id='word_1_162' title='bbox 551 736 574 750; x_wconf 84' lang='lat' dir='ltr'>ac</span> <span class='ocrx_word' id='word_1_163' title='bbox 586 730 626 751; x_wconf 83' lang='lat' dir='ltr'>fine</span> <span class='ocrx_word' id='word_1_164' title='bbox 637 729 718 750; x_wconf 83' lang='lat' dir='ltr'>consilio</span> <span class='ocrx_word' id='word_1_165' title='bbox 730 728 799 755; x_wconf 86' lang='lat' dir='ltr'>fateri,</span> <span class='ocrx_word' id='word_1_166' title='bbox 817 729 885 755; x_wconf 69' lang='lat' dir='ltr'>ipsam-</span> 
     </span>
     <span class='ocr_line' id='line_1_21' title="bbox 235 760 886 785; baseline 0 -6"><span class='ocrx_word' id='word_1_167' title='bbox 235 765 274 785; x_wconf 88' lang='lat' dir='ltr'>que</span> <span class='ocrx_word' id='word_1_168' title='bbox 285 760 409 785; x_wconf 74' lang='lat' dir='ltr'>antiquorum</span> <span class='ocrx_word' id='word_1_169' title='bbox 422 765 596 782; x_wconf 81' lang='lat' dir='ltr'>monumentorum</span> <span class='ocrx_word' id='word_1_170' title='bbox 610 761 734 781; x_wconf 80' lang='lat' dir='ltr'>autoritatem</span> <span class='ocrx_word' id='word_1_171' title='bbox 749 764 839 781; x_wconf 78' lang='lat' dir='ltr'>evertere</span> <span class='ocrx_word' id='word_1_172' title='bbox 852 764 886 779; x_wconf 87' lang='lat' dir='ltr'>co-</span> 
     </span>
     <span class='ocr_line' id='line_1_22' title="bbox 205 787 870 817; baseline -0.003 -7"><span class='ocrx_word' id='word_1_173' title='bbox 205 794 208 798; x_wconf 72' lang='lat'><em>&#39;</em></span> <span class='ocrx_word' id='word_1_174' title='bbox 234 794 302 816; x_wconf 75' lang='lat' dir='ltr'>getur3</span> <span class='ocrx_word' id='word_1_175' title='bbox 317 789 338 810; x_wconf 90' lang='lat' dir='ltr'>id</span> <span class='ocrx_word' id='word_1_176' title='bbox 347 790 401 817; x_wconf 84' lang='lat' dir='ltr'>quod</span> <span class='ocrx_word' id='word_1_177' title='bbox 413 792 513 811; x_wconf 88' lang='lat' dir='ltr'>communi</span> <span class='ocrx_word' id='word_1_178' title='bbox 525 790 632 817; x_wconf 88' lang='lat' dir='ltr'>sapientum</span> <span class='ocrx_word' id='word_1_179' title='bbox 646 790 706 812; x_wconf 85' lang='lat' dir='ltr'>sensui</span> <span class='ocrx_word' id='word_1_180' title='bbox 720 789 749 811; x_wconf 86' lang='lat' dir='ltr'>est</span> <span class='ocrx_word' id='word_1_181' title='bbox 761 787 870 810; x_wconf 85' lang='lat' dir='ltr'>adversum.</span> 
     </span>
    </p>
   </div>
   <div class='ocr_carea' id='block_1_4' title="bbox 406 844 709 908">
    <p class='ocr_par' dir='ltr' id='par_1_8' title="bbox 406 844 709 908">
     <span class='ocr_line' id='line_1_23' title="bbox 448 844 667 871; baseline -0.005 -1"><span class='ocrx_word' id='word_1_182' title='bbox 448 844 584 871; x_wconf 85' lang='lat' dir='ltr'>TABVLA</span> <span class='ocrx_word' id='word_1_183' title='bbox 601 845 667 870; x_wconf 86' lang='lat' dir='ltr'>VIII.</span> 
     </span>
     <span class='ocr_line' id='line_1_24' title="bbox 406 885 709 908; baseline -0.003 -1"><span class='ocrx_word' id='word_1_184' title='bbox 406 885 475 907; x_wconf 80' lang='lat' dir='ltr'>Excell.</span> <span class='ocrx_word' id='word_1_185' title='bbox 489 887 548 908; x_wconf 78' lang='lat' dir='ltr'><em>Ducis</em></span> <span class='ocrx_word' id='word_1_186' title='bbox 558 886 579 907; x_wconf 81' lang='lat' dir='ltr'>de</span> <span class='ocrx_word' id='word_1_187' title='bbox 589 886 709 907; x_wconf 72' lang='lat' dir='ltr'>Devmbire.</span> 
     </span>
    </p>
   </div>
   <div class='ocr_carea' id='block_1_5' title="bbox 202 925 883 1107">
    <p class='ocr_par' dir='ltr' id='par_1_9' title="bbox 297 925 881 960">
     <span class='ocr_line' id='line_1_25' title="bbox 297 925 881 960; baseline 0 -7"><span class='ocrx_word' id='word_1_188' title='bbox 297 925 380 953; x_wconf 78' lang='lat' dir='ltr'>Amoris</span> <span class='ocrx_word' id='word_1_189' title='bbox 389 937 447 959; x_wconf 80' lang='lat' dir='ltr'>caput</span> <span class='ocrx_word' id='word_1_190' title='bbox 456 933 541 953; x_wconf 85' lang='lat' dir='ltr'>humeris</span> <span class='ocrx_word' id='word_1_191' title='bbox 551 933 609 953; x_wconf 81' lang='lat' dir='ltr'>alatis.</span> <span class='ocrx_word' id='word_1_192' title='bbox 624 932 650 960; x_wconf 71' lang='lat' dir='ltr'>J(</span> <span class='ocrx_word' id='word_1_193' title='bbox 665 932 710 959; x_wconf 59' lang='lat' dir='ltr'>Flos</span> <span class='ocrx_word' id='word_1_194' title='bbox 718 932 761 957; x_wconf 85' lang='lat' dir='ltr'>Ioti,</span> <span class='ocrx_word' id='word_1_195' title='bbox 767 931 816 953; x_wconf 78' lang='lat' dir='ltr'>infra</span> <span class='ocrx_word' id='word_1_196' title='bbox 823 938 881 955; x_wconf 83' lang='lat' dir='ltr'>ouem</span> 
     </span>
    </p>

    <p class='ocr_par' dir='ltr' id='par_1_10' title="bbox 202 961 883 990">
     <span class='ocr_line' id='line_1_26' title="bbox 202 961 883 990; baseline -0.003 -6"><span class='ocrx_word' id='word_1_197' title='bbox 202 985 205 990; x_wconf 38' lang='lat'><strong>¹</strong></span> <span class='ocrx_word' id='word_1_198' title='bbox 235 964 308 989; x_wconf 82' lang='lat' dir='ltr'>palma:</span> <span class='ocrx_word' id='word_1_199' title='bbox 324 962 437 989; x_wconf 81' lang='lat' dir='ltr'>inscriptio:</span> <span class='ocrx_word' id='word_1_200' title='bbox 455 961 605 984; x_wconf 82' lang='grc' dir='ltr'><strong>ΒΑΣΙΛΕΩΣ.</strong></span> <span class='ocrx_word' id='word_1_201' title='bbox 627 961 783 983; x_wconf 81' lang='lat' dir='ltr'>ANTIOXO&#39;I&#39;.</span> <span class='ocrx_word' id='word_1_202' title='bbox 803 961 883 983; x_wconf 81' lang='grc' dir='ltr'>ΕΤΕΡ-</span> 
     </span>
    </p>

    <p class='ocr_par' dir='ltr' id='par_1_11' title="bbox 234 990 881 1019">
     <span class='ocr_line' id='line_1_27' title="bbox 234 990 881 1019; baseline -0.002 -6"><span class='ocrx_word' id='word_1_203' title='bbox 234 990 336 1013; x_wconf 80' lang='grc' dir='ltr'>ΓΕΤΟΤ.</span> <span class='ocrx_word' id='word_1_204' title='bbox 352 991 422 1017; x_wconf 80' lang='lat' dir='ltr'>COP.</span> <span class='ocrx_word' id='word_1_205' title='bbox 452 993 509 1019; x_wconf 72' lang='lat' dir='ltr'>Regis</span> <span class='ocrx_word' id='word_1_206' title='bbox 527 993 611 1014; x_wconf 81' lang='lat' dir='ltr'>Antiochi</span> <span class='ocrx_word' id='word_1_207' title='bbox 625 991 703 1019; x_wconf 76' lang='lat' dir='ltr'>Benefici</span> <span class='ocrx_word' id='word_1_208' title='bbox 717 998 769 1013; x_wconf 80' lang='lat' dir='ltr'>anno</span> <span class='ocrx_word' id='word_1_209' title='bbox 785 993 833 1017; x_wconf 89' lang='lat'>176.</span> <span class='ocrx_word' id='word_1_210' title='bbox 850 991 881 1012; x_wconf 81' lang='lat' dir='ltr'>Ad</span> 
     </span>
    </p>

    <p class='ocr_par' dir='ltr' id='par_1_12' title="bbox 234 1020 881 1107">
     <span class='ocr_line' id='line_1_28' title="bbox 234 1020 881 1050; baseline 0 -9"><span class='ocrx_word' id='word_1_211' title='bbox 234 1021 386 1043; x_wconf 75' lang='lat' dir='ltr'>conservationis</span> <span class='ocrx_word' id='word_1_212' title='bbox 395 1021 539 1049; x_wconf 72' lang='lat' dir='ltr'>perfeffionem</span> <span class='ocrx_word' id='word_1_213' title='bbox 547 1023 624 1044; x_wconf 79' lang='lat' dir='ltr'>adcedit</span> <span class='ocrx_word' id='word_1_214' title='bbox 632 1022 711 1043; x_wconf 64' lang='lat' dir='ltr'>fabrica</span> <span class='ocrx_word' id='word_1_215' title='bbox 719 1023 820 1050; x_wconf 73' lang='lat' dir='ltr'>elegantia.</span> <span class='ocrx_word' id='word_1_216' title='bbox 841 1020 881 1043; x_wconf 74' lang='lat' dir='ltr'>Tab.</span> 
     </span>
     <span class='ocr_line' id='line_1_29' title="bbox 236 1051 852 1107; baseline -0.002 -35"><span class='ocrx_word' id='word_1_217' title='bbox 236 1051 291 1072; x_wconf 87' lang='lat' dir='ltr'><em>VIII.</em></span> <span class='ocrx_word' id='word_1_218' title='bbox 301 1051 328 1072; x_wconf 91' lang='lat' dir='ltr'>N.</span> <span class='ocrx_word' id='word_1_219' title='bbox 337 1058 354 1072; x_wconf 88' lang='lat' dir='ltr'>r.</span> <span class='ocrx_word' id='word_1_220' title='bbox 786 1080 852 1107; x_wconf 73' lang='lat' dir='ltr'>eaput</span> 
     </span>
    </p>
   </div>
  </div>
 </body>
</html>
