956 1294
394 135 666 158 PROOEMIVM,

209 184 266 215 cripi
280 184 383 214 quiritari
397 180 460 215 poff
462 189 479 208 t
504 184 600 215 -Atque
612 184 663 208 haec
683 183 748 212 sunt,
765 187 818 216 quae
835 186 859 209 in

207 220 325 251 prooemio
335 218 435 243 dicenda
442 219 591 244 videbantur.
618 219 677 244 Illud
686 227 757 244 unum
766 219 859 248 addam,

208 253 359 278 feliciffimum
374 262 411 279 me
421 254 511 287 semper
522 247 714 288 existimaturum,
728 256 772 279 cui
781 255 860 287 potis-

187 309 190 311 .
207 290 224 314 s
217 297 286 314 mum
299 297 326 314 ea
339 296 391 314 curn
399 291 467 315 animi
477 290 588 322 propens
591 297 640 315 one
651 292 674 314 in
683 290 767 322 Angli-a
774 292 859 325 vivere

208 325 288 354 licuit,
308 333 359 357 quae
375 333 481 358 campum
494 326 548 350 mihi
563 327 668 357 aperuit,
687 332 733 350 tam
750 326 859 357 pretiofis

207 362 350 392 antiquitatis
361 363 519 393 monumentis
529 361 624 393 adjuto,
634 361 729 386 literatis
740 362 859 393 omnibus,
899 365 902 366 ’

173 396 175 398 ’
208 396 345 429 obsequium
355 398 412 421 mira
420 391 546 429 voluptate
555 397 691 425 conditum,
710 396 840 429 praestandi.

278 466 371 500 Lingua
378 469 430 493 usus
439 469 486 493 sum
497 468 584 498 Italica,
593 474 651 497 tum,
662 467 729 500 quod
738 475 765 492 ea
771 473 860 499 utpote

208 510 262 527 cum
271 503 332 528 laete
346 504 426 529 hausta
435 505 571 533 sententiam
581 512 653 529 meam
665 503 762 528 nitidius
772 511 810 527 me
821 510 860 527 ex-
877 522 894 531 .,

207 539 345 571 plicatur-um
355 539 417 568 vidi,
429 548 494 569 cum,
507 540 574 572 quod
585 539 610 565 &
619 547 701 565 ornnes
713 539 778 567 fere,
788 540 828 570 qui
837 540 861 563 in

196 583 198 585 ’
206 581 233 599 re
241 576 400 600 numismatica
408 575 539 605 versantur,
559 577 610 606 eJ'us
622 577 692 609 periti
701 574 745 599 effe
753 575 836 599 solent.

278 647 330 671 Alia
339 647 477 679 complura,
496 648 554 673 Deo
567 648 678 675 favente,
697 645 753 677 juris
768 645 863 681 publici

203 682 302 712 faciam,
321 690 372 714 quae
384 684 452 712 otio,
474 682 499 707 ἃ
514 684 657 715 experientia
671 681 738 706 aneta
752 689 862 713 praemor-
878 711 884 714 ι

208 718 246 742 sos
259 719 330 750 magis
338 726 430 751 ungues
440 719 542 751 sapiant,
562 720 603 743 ubi
617 718 685 742 hasce
702 717 799 742 schedas
811 717 861 741 lite-

207 754 263 778 ratis
272 754 384 786 probatas
397 754 441 780 effe
449 755 604 783 intellexero,
624 759 695 785 atque
706 753 795 785 Angliae
805 760 862 784 prae

209 790 300 820 cipue;
327 790 398 822 hujus
416 792 476 814 enim
492 798 542 815 non
559 785 692 815 corrirnodis
709 789 783 814 solum
794 804 802 815 ⁹
821 785 861 810 sed

208 825 302 856 glorias,
320 831 348 850 ut
356 826 478 853 stervirem,
496 825 595 856 suscepti
609 825 732 851 difficillimi
748 823 818 853 hujus
831 821 861 845 la-

208 862 275 884 boris
288 861 375 891 icopus
393 866 454 888 erat,
473 859 503 884 ad
512 860 580 891 cujus
592 859 780 891 persecutionem
798 857 862 884 nulla

210 903 223 919 a
232 902 268 919 me
279 894 398 927 diligentia
408 894 583 923 desiderabitur.
598 901 600 904 ’

703 1113 705 1115 r
712 1058 835 1098 mero-
