956 1294
199 132 224 148 ,ο
389 121 658 157 ι’κῡοΕΜῐν-Μ.

198 174 334 206 suspensum.
371 174 435 199 Hinc
443 174 545 203 fitsut,
564 182 616 200 cum
627 175 696 200 series
706 175 788 207 aequ'ali
796 175 852 200 sem-

196 218 241 242 per
248 210 343 238 artificjs
352 209 442 242 scalpro
455 216 560 239 exarata,
579 210 695 235 interdum
711 212 779 235 etiam
791 212 852 243 capi-

198 247 262 271 tibus
277 253 329 271 non
341 244 469 278 admodum
485 246 596 271 fimilibus
613 247 689 271 oculis
702 244 865 275 obversatur‚‘·

197 289 248 306 non
265 281 318 313 plus
335 281 392 306 inde
406 282 539 307 condiscam
551 299 559 310 ,
578 289 647 314 quam
664 289 694 307 ex
709 282 852 314 imperfetsto

199 317 278 349 aquuo
293 318 425 342 eorundem
438 318 561 350 catalogox
580 324 665 349 atque,
683 323 711 342 ut
724 325 806 343 verum
819 318 855 352 fa:

198 359 261 382 tear,
272 353 348 378 multo
357 354 441 378 minori
450 353 619 383 incommodo,
634 353 717 385 majori
730 361 790 378 vero
800 360 854 377 cum

198 389 300 413 utilitate
318 389 441 421 pervolvo
456 389 558 420 syllabus
580 390 674 414 comitis
689 388 854 419 Mediobarbi‚

200 425 296 456 scriptas
314 425 422 450 dot‘toris
441 425 544 450 Vaillant
564 424 594 449 de
611 425 710 450 urbibus
723 424 809 449 Graece
820 424 856 449 lo-

202 462 329 492 quentibus
337 478 345 490 ‚
365 459 389 485 &
401 460 504 486 coloniis
512 461 616 490 tabulas,
634 468 759 485 numorum
771 461 856 491 regina

202 496 305 526 Sueciae‚
324 497 470 529 aliorumqu'e
482 497 585 526 indices,
604 497 645 521 ubi
657 496 733 525 nulla,
753 501 793 520 aut
801 503 857 527 pau·
875 515 877 517 .

204 539 232 556 ca
245 536 283 557 aeri
293 533 361 557 incisa
372 534 510 558 numismata
522 538 677 565 comparent,
697 539 766 564 quam
781 531 857 556 libros

204 575 363 600 quoscunque
384 569 442 594 alios
463 568 668 601 chalcographicis
689 567 787 600 pibburis
808 567 859 592 illu-

203 603 277 632 stres,
297 611 327 628 ex
345 605 431 636 quibus
449 604 481 630 de
499 604 565 630 nullo
580 611 667 635 numo,
686 604 728 628 nisi
742 603 857 630 dubium,

205 638 318 669 judicium
329 639 391 664 ferre
401 640 464 666 licet.
500 640 540 666 Ne
553 639 633 666 eadem
641 640 771 665 laborarem
781 638 858 666 febre,

205 681 256 701 non
270 674 343 705 solum
357 676 499 700 monetalem
506 677 640 704 ⁷fabricam,
659 680 687 699 ut
703 673 858 702 ressmebat,

207 708 321 741 expreffi,
340 717 421 735 verum
432 712 500 736 etiam
513 710 641 739 fissionum,
661 712 711 735 aeris
723 710 808 735 alicubi
821 708 861 733 ad-

207 745 273 774 rofi,
291 746 408 773 literatum
428 747 558 772 mutilatum
569 763 577 776 ‚
597 747 729 772 aliorumve
747 747 860 771 vitiorum

208 781 322 808 sincerum
337 781 385 806 feci
396 781 522 811 indicium,
541 790 593 815 quae
612 782 707 815 quidem
724 783 815 808 omnia,
833 783 861 804 ut

208 825 283 842 numo
292 817 390 849 depieto
400 818 536 849 elegantiam
545 818 650 842 adimunt
657 818 721 849 apud
729 816 859 847 impetitos,

208 854 241 877 ita
254 854 299 877 hac
315 854 338 877 in
355 858 405 877 arte
416 853 523 878 versatos
537 852 569 877 de
583 852 642 877 illius
656 852 787 877 fineen-itate
798 850 861 875 edo-

211 893 279 912 cent:
298 888 413 912 rationem
421 887 483 912 hanc
491 887 623 919 sca1pendi,
642 892 670 912 ut
678 887 731 912 usus
746 886 781 911 est
790 887 860 911 maxi-

210 925 253 953 mi,
273 924 304 948 ita
314 931 327 948 a
338 924 431 948 nemine
440 923 554 948 hatstenus
566 923 693 955 susceptam
704 924 772 948 novi.

247 987 249 989 ¹
282 995 319 1021 Ut
325 994 423 1024 fabulae,
432 995 539 1027 quamvis
547 995 678 1020 amoenitate
685 995 723 1020 sua
734 993 862 1021 delcetent,

212 1034 234 1057 in
249 1033 450 1065 comparationem
465 1032 548 1057 venire
565 1038 683 1063 nunquam
697 1030 792 1063 possunt
809 1036 862 1071 oum

784 1070 828 1091 un-
