956 1294
206 139 231 160 ω
337 134 374 154 DE
387 132 466 152 sELEU
471 134 505 153 CO
519 133 553 153 IV.
568 133 638 153 REGE
650 133 738 154 SYRLAE.

421 171 423 173 ’
484 182 513 203 D.
529 181 599 203 sarazar.

266 229 332 256 Caput
339 230 443 257 galeatum.
459 229 487 258 Χ
503 229 540 257 Ap
543 230 583 250 olio
594 229 658 250 nudus
667 228 718 250 stans
727 236 772 253 cum
785 230 869 251 adtribu-

205 261 239 281 tis:
256 258 354 287 inscriptio
366 260 459 286 superior.
493 259 591 288 Elega‘ns,
608 265 630 280 ac
645 258 689 281 fere
702 259 743 281 fine
753 262 807 282 omni
819 261 869 281 vitio

204 296 282 313 numus.
317 290 358 311 Tab.
370 290 408 311 Ill.
425 290 453 311 N.
465 296 499 311 10.

264 346 326 370 Hunc
339 348 375 370 etii
384 349 439 370 omni
450 348 540 376 epocha,
556 349 650 375 omnique
664 349 702 370 alio
713 327 845 371 distinctioni
839 355 872 374 in,-r

206 380 305 401 serviente
315 378 370 406 ssgno
385 383 459 405 careat,
475 379 560 400 Seleuco
572 384 637 400 tamen
649 378 691 399 1V.›
701 379 748 400 ideo
757 377 868 400 hdtribuen-

207 409 255 431 dum
268 408 344 435 duco,
351 409 406 436 quod
414 414 474 435 caput
490 409 599 436 galeatum,
615 409 704 436 quamvis
718 410 782 436 primo
798 410 869 430 intuitu

210 439 309 462 Palladem
328 439 413 464 referat,
429 439 444 459 fi
466 438 564 460 adtentius
582 439 720 464 examinetur,
736 438 820 460 Seleuco
832 439 868 460 lv.

163 490 166 492 ,
206 470 279 501 juveni
287 469 407 495 aliquantum
419 468 481 490 simile
492 468 597 495 adpareat,
612 475 657 490 cum
670 469 722 490 enim
734 470 787 496 prior
798 475 869 490 numus

208 497 300 520 ultimum
309 499 350 526 ejus
360 499 414 526 regni
429 505 500 520 annum
517 499 621 525 exhibeat,
637 499 685 526 quid
698 504 753 520 vetat
766 500 819 520 hunc
833 499 868 520 de-

209 535 265 555 cem,
279 530 315 550 vel
327 528 419 550 undecim
429 534 474 550 ante
483 529 537 550 tinnis
546 529 667 556 permirum,
684 530 717 557 qui
725 535 813 557 magnam
822 528 867 550 sane

207 560 272 582 vultui
282 559 378 582 inducunt
386 560 522 581 mutationem.

416 611 440 637 T
446 611 469 637 A
474 611 494 637 B
501 611 526 637 U
533 610 555 636 L
560 612 582 637 Α
618 611 661 637 IV.

416 666 492 694 Equitis
507 668 583 689 Romu
596 668 659 698 Abdy.

218 733 223 736 .
268 716 336 744 Caput·
343 718 440 740 muliebre
451 717 524 739 hedera
534 723 656 739 coronatum.
671 718 694 745 )(
710 717 796 739 Dimidia
808 717 870 738 navis

209 747 229 769 δι
237 753 309 775 praeter
316 749 403 775 priorem
417 749 562 777 inscriptionem
580 749 641 769 literae
657 748 700 770 AT.
722 748 817 770 Ceterum
830 754 868 769 nu-

208 784 252 800 mus
261 778 402 804 conservatus,
418 779 485 801 &eseli
495 779 602 800 laudabilis.
612 779 654 800 Tab.
665 779 701 800 IV.
713 778 740 818 N.
757 785 774 799 ι.

266 839 343 865 Similes
354 839 395 860 duo
406 838 482 861 Exceii.
495 838 540 859 duci
551 838 576 859 de
589 838 717 860 D'evonshire
726 837 782 863 sunt,
788 837 807 857 in
816 841 869 863 quo¹

211 874 255 889 rum
264 869 344 889 adversa
354 869 444 895 pharetra
453 868 499 895 post
507 874 583 895 tergum
593 868 712 894 adjungitur,
728 873 771 894 quae
779 867 865 888 Dianam

210 897 296 919 indicare
305 898 396 923 videtur,
410 898 476 919 aversa
485 904 536 919 vero
546 898 594 918 nihil
607 897 684 924 prorsus
695 903 706 918 a
720 897 787 918 nostro
799 912 806 922 ‚
828 896 865 918 nin

211 928 272 949 literis
284 929 304 949 in
318 933 362 949 area
378 928 447 954 pontis
464 927 541 953 differt;
562 928 610 948 alter
627 928 679 948 enim
691 926 733 953 Δ.,
754 928 802 949 aiter
815 926 864 948 AN.

211 959 355 980 vocabulorum
364 958 417 980 initia
430 957 516 986 praefett.

266 1018 316 1040 mud
330 1018 503 1047 perpendendum,
509 1018 544 1040 etfi
554 1019 645 1046 pharetra
651 1024 708 1045 capiti
714 1017 802 1041 femineo
816 1017 868 1045 adje-

213 1048 245 1070 ἂι
259 1048 345 1072 Dianam
365 1049 465 1078 dengnare
478 1049 544 1076 solet,
565 1050 585 1071 in
601 1049 631 1070 his
646 1054 712 1071 tamen
729 1049 789 1070 tribus
803 1049 880 1099 zgmsss
