956 1294
191 141 217 160 14
385 115 652 155 ι’ῐιοῙοΕΜιν-Μ.

191 183 258 211 Bere,
268 181 379 213 judicium
390 180 487 206 eruditis
496 182 636 214 relinquere,
655 183 695 215 qui
704 189 742 207 me
752 183 794 208 fibi
799 185 844 209 ob-

191 218 303 249 stringent
314 217 451 248 plurimum,
473 217 490 242 fi
501 218 549 242 suas
563 217 675 243 denumis
692 226 706 243 a
724 226 762 243 me
776 219 844 244 desti-

191 254 248 279 tutis
258 253 402 286 opiniones,
422 258 461 277 aut
475 253 652 278 emendationes
666 255 734 279 etiam
744 262 825 279 eorum
834 272 843 284 ‚

190 296 244 321 quie
259 296 271 313 a
282 296 320 313 me
333 289 409 313 minus
421 289 551 313 commode
559 289 622 314 dieta
631 290 728 319 fuerint,
739 297 844 315 commu-

190 326 334 354 nicaverint3
353 331 406 349 cum
417 325 477 349 enim
491 331 555 356 opus
564 332 595 350 ex
605 325 677 357 praelo
690 326 843 358 typographi-

191 368 222 385 co
237 360 366 389 emerserit,
386 360 501 385 volumini
515 360 663 392 separato'ea
681 363 775 390 omnia,
793 370 844 394 quae

191 396 255 428 typis
268 396 338 427 digna
353 396 513 426 videbuntur,
532 397 600 422 velut
621 397 714 421 alterius
733 397 846 429 adpendi-

190 439 232 457 ces
248 431 349 457 destino.

259 503 324 529 Meis
341 503 547 528 observationibus
557 504 677 535 permixtae
691 508 760 529 erunt
769 502 843 528 erudi-

189 539 327 565 tissimorurn
336 540 442 564 virorum
452 539 674 568 animadversiones,
689 541 729 572 qui
739 539 779 564 vel
788 540 843 564 suos

190 576 232 608 ipss
242 582 337 604 numos,
353 575 394 599 vel
402 575 492 599 alienos
502 575 593 606 aliquos
609 577 676 600 animi
686 576 760 604 causa,
772 580 844 607 atque

190 618 246 635 rneo
265 611 333 634 etiam
345 608 463 638 subsidio,
476 610 632 635 adcuratione
641 611 736 635 mirifica
750 611 801 634 sunt
811 611 843 634 in-

190 646 312 678 terpretati
319 662 327 673 ,
339 650 366 669 ut
376 645 513 673 delecteris
524 646 592 678 plena
603 646 778 678 adprobatione
792 653 843 670 non

189 683 280 710 minus,
302 687 370 712 quam
384 679 415 704 de
429 680 556 712 splendore
566 683 628 706 libro
644 681 727 706 adfuso
743 681 783 706 firn
794 688 844 706 cer·

189 717 293 743 tiffimus.
829 723 833 725 “

262 788 323 814 Cum
333 788 431 820 gloriam
440 787 488 812 aliis
503 786 605 812 debitam
618 788 673 813 mihi
686 794 773 814 temere
780 794 843 811 arro·

190 831 247 857 gare
255 824 338 853 nolim,
346 824 436 855 ubique
446 828 555 847 autorum
566 825 662 848 nomina
670 824 841 851 adscribentur;

191 861 249 892 quIn
260 860 394 884 fencitatem
408 866 457 882 eam
467 858 603 889 singularem
620 858 695 882 libens
711 858 841 890 profiteor,

191 902 238 927 qua
251 894 379 919 occasione
387 892 457 924 hujus
467 895 548 924 operis
558 894 656 918 amicitia
665 893 719 917 mihi
730 901 781 919 cum
791 901 842 918 eru-

192 930 245 955 dito
257 927 355 954 do'rnino
368 928 461 953 Mass'on
470 928 504 952 est
513 929 647 957 conciliata,
661 930 701 961 qui
710 929 794 954 doecas
803 929 842 954 ad-

191 964 343 995 notationes,
361 971 419 996 quas
433 971 476 996 per
491 971 565 989 armos
579 965 714 996 complures
725 982 734 994 ,
758 964 783 990 &
796 965 840 990 fre-

193 1002 288 1034 quentia
298 1002 380 1026 itinera
394 1001 418 1025 in
433 1007 519 1025 numos
536 1003 646 1032 antiquos
660 1000 762 1029 fecerat,
784 1000 840 1024 surn-

191 1044 228 1062 rna
241 1038 386 1070 benignitate
397 1043 490 1061 mecum
500 1037 692 1066 communicavit,
704 1042 775 1068 atque
786 1043 839 1061 cum

726 1078 804 1097 omma
