956 1294
291 140 560 161 PROOEMIVM.
713 148 745 163 >u

95 191 213 219 utilitate,
232 198 283 222 quae
302 197 333 214 ex
351 189 453 214 historiae·
470 190 571 214 veritate
589 189 697 218 eruitur,
716 192 747 215 ita

90 231 142 251 ‘tam
151 233 231 258 aequos
241 226 296 251 fore
305 225 407 250 lectores
423 225 505 257 spero,
521 230 549 249 ut
558 222 680 249 contemta
693 225 749 250 rnul-
791 224 797 229 “

94 267 174 286 torum
185 263 342 286 numariorum
357 261 471 285 librorum
485 261 612 292 elegantia,
631 261 698 285 velut
711 260 750 285 ad-

92 295 179 322 stititio
188 298 264 325 fuco,
283 304 365 321 meum
365 297 577 327 commentarium,
586 301 696 327 tanquam
708 304 750 328 pu-

90 340 153 362 ram,
164 331 189 357 &
200 333 310 357 finceram
318 332 437 357 historiam
446 332 492 357 snt
504 331 673 364 adprobatum,
689 339 748 363 quae,

89 368 149 392 licet
166 369 251 399 ingenii
263 368 418 396 sublimitate,
438 368 462 392 &
484 373 569 392 ornatu
590 373 681 396 careat,
700 367 750 392 fide

89 409 170 428 tamen
197 405 344 435 integerrima
369 403 542 428 ⁴aestimationem
565 403 608 429 fibi
629 404 748 428 conciliat.

90 440 225 464 Conniveri
238 440 341 472 benigne
357 440 428 464 velim
443 440 528 464 minori
543 439 628 468 cultui,
648 446 698 471 quo
715 440 748 464 in-

88 474 126 499 fra
136 475 179 499 alia
190 474 266 500 videri
276 475 358 507 potest
367 483 430 507 opus
443 475 555 508 praesens,
575 475 683 500 adtamen
698 482 747 507 gra-

88 516 119 535 to
134 512 211 536 animo
229 511 322 543 suscipi,
341 519 393 543 quae
410 511 548 540 adme-titur,
566 512 638 536 bona.
676 510 701 535 Si
715 512 748 536 in—

87 546 160 577 fignis
173 547 269 577 alicuius
283 547 398 572 caelatoris
409 547 463 572 ufixs
472 546 560 577 fuissem
572 554 660 579 opera,
679 554 745 571 meus

86 582 131 606 hic
140 582 199 606 liber
210 581 265 606 effe:
277 590 338 608 unus
351 582 383 609 de
397 583 489 612 multis,
508 590 554 608 nec
569 589 625 607 meo
635 582 746 607 *confluo

86 616 251 650 responderet.

159 689 199 716 Ad
209 690 285 722 capita
294 690 361 722 quod
371 689 469 718 adtinet,
488 689 624 722 archetypis
634 697 704 722 quam
716 689 744 715 fi.

86 724 179 749 millima
198 726 307 758 effingere
319 726 399 751 studui
413 725 511 751 testibus
531 727 575 754 iis,
595 727 635 757 qui
652 726 742 751 lineatis

85 759 186 791 pieturis
199 761 307 792 inspeetis
323 769 370 792 pro
385 769 424 788 ea,
444 768 490 790 qua
502 761 641 791 pollebant,
658 768 744 786 numo·

85 803 136 820 rum
163 797 306 827 cognitione
327 796 486 827 fingulorum,
505 802 570 827 quos
592 795 741 825 referebant.
768 800 772 805 '

86 832 182 856 nomina
201 830 296 855 edicere
312 839 363 856 non
388 830 528 856 haefitarunt.
565 830 593 855 Id
614 831 687 864 ipsum
706 839 743 857 me

85 868 220 898 permovit,
241 872 269 892 ut
280 867 358 892 seriem
369 874 450 899 regum
460 866 532 897 Syriae
547 874 562 891 e
576 868 684 898 pluribus
694 875 743 893 mu-

85 902 128 927 scis
141 902 264 927 collectam
279 904 317 927 aeri
332 902 471 932 inciderem
490 903 576 927 etenim
587 910 674 928 numos
687 910 740 929 cum

85 939 151 969 typis
171 939 288 963 Vaillantii
307 945 447 970 comparans
464 939 508 963 vix
529 939 585 967 tria,
605 944 741 970 quatuorve

84 974 162 1005 capita
176 975 281 999 vultibus
298 975 322 998 in
340 981 385 999 aere
403 973 479 999 ductis
500 973 578 999 similia
594 975 736 1000 inveneram.

84 1008 172 1034 Fateor
187 1009 281 1041 quidem
294 1010 451 1042 perlibenter,
470 1017 516 1034 nec
526 1017 564 1034 me
576 1010 630 1034 mihi
639 1011 691 1043 ipfi
694 1010 738 1035 ho·
766 1024 770 1028 ·
799 1012 801 1015 ⁴
842 1006 849 1011 ”

86 1052 136 1070 rum
151 1053 233 1078 regum
249 1046 335 1078 effigies
348 1046 460 1108 scalpfinti
477 1045 608 1071 stfisfacere
624 1045 737 1079 potuiss'e;

446 1088 461 1106 2
634 1097 636 1100 ι
673 1088 701 1108 ea
